\begin{thebibliography}{}
@ARTICLE{smith2002,
	author = {{Smith}, J.~A. and {Tucker}, D.~L. and {Kent}, S. and {Richmond}, M.~W. and 
	{Fukugita}, M. and {Ichikawa}, T. and {Ichikawa}, S.-i. and 
	{Jorgensen}, A.~M. and {Uomoto}, A. and {Gunn}, J.~E. and {Hamabe}, M. and 
	{Watanabe}, M. and {Tolea}, A. and {Henden}, A. and {Annis}, J. and 
	{Pier}, J.~R. and {McKay}, T.~A. and {Brinkmann}, J. and {Chen}, B. and 
	{Holtzman}, J. and {Shimasaku}, K. and {York}, D.~G.},
	title = "{The u'g'r'i'z' Standard-Star System}",
	journal = {\aj},
	eprint = {astro-ph/0201143},
	keywords = {Catalogs, Standards, Stars: Fundamental Parameters},
	year = 2002,
	month = apr,
	volume = 123,
	pages = {2121-2144},
	doi = {10.1086/339311},
	adsurl = {http://adsabs.harvard.edu/abs/2002AJ....123.2121S},
	adsnote = {Provided by the SAO/NASA Astrophysics Data System}
}

@phdthesis{sanparsa,
	author       = {{Sanpa-arsa}, S.},
	title        = {Searching for New Millisecond Pulsars with the GBT in Fermi Unassociated Sources},
	school       = {University of Virginia},
	year         = 2016,
	url          = {https://libraetd.lib.virginia.edu/public_view/0k225b07h}
}



@ARTICLE{holberg2006,
	author = {{Holberg}, J.~B. and {Bergeron}, P.},
	title = "{Calibration of Synthetic Photometry Using DA White Dwarfs}",
	journal = {\aj},
	keywords = {Standards, Stars: Fundamental Parameters, Stars: Individual: Name: Vega, Techniques: Photometric, Stars: White Dwarfs},
	year = 2006,
	month = sep,
	volume = 132,
	pages = {1221-1233},
	doi = {10.1086/505938},
	adsurl = {http://adsabs.harvard.edu/abs/2006AJ....132.1221H},
	adsnote = {Provided by the SAO/NASA Astrophysics Data System}
}



@ARTICLE{catalofermi2015,
	author = {{Acero}, F. and {Ackermann}, M. and {Ajello}, M. and {Albert}, A. and 
	{Atwood}, W.~B. and {Axelsson}, M. and {Baldini}, L. and {Ballet}, J. and 
	{Barbiellini}, G. and {Bastieri}, D. and {Belfiore}, A. and 
	{Bellazzini}, R. and {Bissaldi}, E. and {Blandford}, R.~D. and 
	{Bloom}, E.~D. and {Bogart}, J.~R. and {Bonino}, R. and {Bottacini}, E. and 
	{Bregeon}, J. and {Britto}, R.~J. and {Bruel}, P. and {Buehler}, R. and 
	{Burnett}, T.~H. and {Buson}, S. and {Caliandro}, G.~A. and 
	{Cameron}, R.~A. and {Caputo}, R. and {Caragiulo}, M. and {Caraveo}, P.~A. and 
	{Casandjian}, J.~M. and {Cavazzuti}, E. and {Charles}, E. and 
	{Chaves}, R.~C.~G. and {Chekhtman}, A. and {Cheung}, C.~C. and 
	{Chiang}, J. and {Chiaro}, G. and {Ciprini}, S. and {Claus}, R. and 
	{Cohen-Tanugi}, J. and {Cominsky}, L.~R. and {Conrad}, J. and 
	{Cutini}, S. and {D'Ammando}, F. and {de Angelis}, A. and {DeKlotz}, M. and 
	{de Palma}, F. and {Desiante}, R. and {Digel}, S.~W. and {Di Venere}, L. and 
	{Drell}, P.~S. and {Dubois}, R. and {Dumora}, D. and {Favuzzi}, C. and 
	{Fegan}, S.~J. and {Ferrara}, E.~C. and {Finke}, J. and {Franckowiak}, A. and 
	{Fukazawa}, Y. and {Funk}, S. and {Fusco}, P. and {Gargano}, F. and 
	{Gasparrini}, D. and {Giebels}, B. and {Giglietto}, N. and {Giommi}, P. and 
	{Giordano}, F. and {Giroletti}, M. and {Glanzman}, T. and {Godfrey}, G. and 
	{Grenier}, I.~A. and {Grondin}, M.-H. and {Grove}, J.~E. and 
	{Guillemot}, L. and {Guiriec}, S. and {Hadasch}, D. and {Harding}, A.~K. and 
	{Hays}, E. and {Hewitt}, J.~W. and {Hill}, A.~B. and {Horan}, D. and 
	{Iafrate}, G. and {Jogler}, T. and {J{\'o}hannesson}, G. and 
	{Johnson}, R.~P. and {Johnson}, A.~S. and {Johnson}, T.~J. and 
	{Johnson}, W.~N. and {Kamae}, T. and {Kataoka}, J. and {Katsuta}, J. and 
	{Kuss}, M. and {La Mura}, G. and {Landriu}, D. and {Larsson}, S. and 
	{Latronico}, L. and {Lemoine-Goumard}, M. and {Li}, J. and {Li}, L. and 
	{Longo}, F. and {Loparco}, F. and {Lott}, B. and {Lovellette}, M.~N. and 
	{Lubrano}, P. and {Madejski}, G.~M. and {Massaro}, F. and {Mayer}, M. and 
	{Mazziotta}, M.~N. and {McEnery}, J.~E. and {Michelson}, P.~F. and 
	{Mirabal}, N. and {Mizuno}, T. and {Moiseev}, A.~A. and {Mongelli}, M. and 
	{Monzani}, M.~E. and {Morselli}, A. and {Moskalenko}, I.~V. and 
	{Murgia}, S. and {Nuss}, E. and {Ohno}, M. and {Ohsugi}, T. and 
	{Omodei}, N. and {Orienti}, M. and {Orlando}, E. and {Ormes}, J.~F. and 
	{Paneque}, D. and {Panetta}, J.~H. and {Perkins}, J.~S. and 
	{Pesce-Rollins}, M. and {Piron}, F. and {Pivato}, G. and {Porter}, T.~A. and 
	{Racusin}, J.~L. and {Rando}, R. and {Razzano}, M. and {Razzaque}, S. and 
	{Reimer}, A. and {Reimer}, O. and {Reposeur}, T. and {Rochester}, L.~S. and 
	{Romani}, R.~W. and {Salvetti}, D. and {S{\'a}nchez-Conde}, M. and 
	{Saz Parkinson}, P.~M. and {Schulz}, A. and {Siskind}, E.~J. and 
	{Smith}, D.~A. and {Spada}, F. and {Spandre}, G. and {Spinelli}, P. and 
	{Stephens}, T.~E. and {Strong}, A.~W. and {Suson}, D.~J. and 
	{Takahashi}, H. and {Takahashi}, T. and {Tanaka}, Y. and {Thayer}, J.~G. and 
	{Thayer}, J.~B. and {Thompson}, D.~J. and {Tibaldo}, L. and 
	{Tibolla}, O. and {Torres}, D.~F. and {Torresi}, E. and {Tosti}, G. and 
	{Troja}, E. and {Van Klaveren}, B. and {Vianello}, G. and {Winer}, B.~L. and 
	{Wood}, K.~S. and {Wood}, M. and {Zimmer}, S. and {Fermi-LAT Collaboration}
	},
	title = "{Fermi Large Area Telescope Third Source Catalog}",
	journal = {apjs},
	archivePrefix = "arXiv",
	eprint = {1501.02003},
	primaryClass = "astro-ph.HE",
	keywords = {catalogs, gamma rays: general},
	year = "2015",
	month = "jun",
	volume = "218",
	eid = {23},
	pages = {23},
	doi = {10.1088/0067-0049/218/2/23},
	adsurl = {https://ui.adsabs.harvard.edu/abs/2015ApJS..218...23A},
	adsnote = {Provided by the SAO/NASA Astrophysics Data System}
}



@ARTICLE{yao2017,
	author = {{Yao}, J.~M. and {Manchester}, R.~N. and {Wang}, N.},
	title = "{A New Electron-density Model for Estimation of Pulsar and FRB Distances}",
	journal = {\apj},
	archivePrefix = "arXiv",
	eprint = {1610.09448},
	keywords = {ISM: structure, pulsars: general, stars: distances},
	year = 2017,
	month = jan,
	volume = 835,
	eid = {29},
	pages = {29},
	doi = {10.3847/1538-4357/835/1/29},
	adsurl = {https://ui.adsabs.harvard.edu/abs/2017ApJ...835...29Y},
	adsnote = {Provided by the SAO/NASA Astrophysics Data System}
}


@book{AvilaOAN,
	author = {Fernando Avila},
	editor = {IA-UNAM},
	title = {Reducción de Datos Astronómicos},
	year = {2014},
	OPTsubtitle = {subtitle},
	OPTtitleaddon = {titleaddon},
	OPTlanguage = {language},
	OPThowpublished = {howpublished},
	OPTtype = {type},
	OPTnote = {note},
	location = {México},
	OPTchapter = {chapter},
	OPTpages = {pages},
	OPTpagetotal = {pagetotal},
	OPTaddendum = {addendum},
	OPTpubstate = {pubstate},
	OPTdoi = {doi},
	OPTeprint = {eprint},
	OPTeprintclass = {eprintclass},
	OPTeprinttype = {eprinttype},
	url = {http://www.astrosen.unam.mx/~favilac/},
	OPTurldate = {urldate},
}

@ARTICLE{manchesterpulsa-cata,
	author = {{Manchester}, R.~N. and {Hobbs}, G.~B. and {Teoh}, A. and {Hobbs}, M.},
	title = "{The Australia Telescope National Facility Pulsar Catalogue}",
	journal = {\aj},
	keywords = {Catalogs, Stars: Pulsars: General, Astrophysics},
	year = "2005",
	month = "Apr",
	volume = {129},
	number = {4},
	pages = {1993-2006},
	doi = {10.1086/428488},
	archivePrefix = {arXiv},
	eprint = {astro-ph/0412641},
	primaryClass = {astro-ph},
	adsurl = {https://ui.adsabs.harvard.edu/abs/2005AJ....129.1993M},
	adsnote = {Provided by the SAO/NASA Astrophysics Data System},
}

@ARTICLE{gaia2,
   author = {{Gaia Collaboration} and {Brown}, A.~G.~A. and {Vallenari}, A. and 
	{Prusti}, T. and {de Bruijne}, J.~H.~J. and {Babusiaux}, C. and 
	{Bailer-Jones}, C.~A.~L. and {Biermann}, M. and {Evans}, D.~W. and 
	{Eyer}, L. and et al.},
    title = "{Gaia Data Release 2. Summary of the contents and survey properties}",
  journal = {\aap},
archivePrefix = "arXiv",
   eprint = {1804.09365},
 keywords = {catalogs, astrometry, techniques: radial velocities, stars: fundamental parameters, stars: variables: general, minor planets, asteroids: general},
     year = 2018,
    month = aug,
   volume = 616,
      eid = {A1},
    pages = {A1},
      doi = {10.1051/0004-6361/201833051},
   adsurl = {http://adsabs.harvard.edu/abs/2018A\%26A...616A...1G},
  adsnote = {Provided by the SAO/NASA Astrophysics Data System}
}


@BOOK{1983-shapiro,
       author = {{Shapiro}, Stuart L. and {Teukolsky}, Saul A.},
        title = "{Black holes, white dwarfs, and neutron stars : the physics of compact objects}",
         year = "1983",
      publisher = {John Wiley & Sons, Ltd},
isbn = {9783527617661},
title = {Frontmatter},
doi = {10.1002/9783527617661.fmatter},
url = {https://onlinelibrary.wiley.com/doi/abs/10.1002/9783527617661.fmatter},
eprint = {https://onlinelibrary.wiley.com/doi/pdf/10.1002/9783527617661.fmatter},
}

@ARTICLE{2017-Manchester,
       author = {{Manchester}, R.~N.},
        title = "{Millisecond Pulsars, their Evolution and Applications}",
      journal = {Journal of Astrophysics and Astronomy},
     keywords = {Pulsars, general, stars: evolution, gravitation, Astrophysics - High Energy Astrophysical Phenomena},
         year = "2017",
        month = "Sep",
       volume = {38},
       number = {3},
          eid = {42},
        pages = {42},
          doi = {10.1007/s12036-017-9469-2},
archivePrefix = {arXiv},
       eprint = {1709.09434},
 primaryClass = {astro-ph.HE},
       adsurl = {https://ui.adsabs.harvard.edu/abs/2017JApA...38...42M},
      adsnote = {Provided by the SAO/NASA Astrophysics Data System}
}

@book{Camenzind2007,
title="Compact Objects in Astrophysics",
author={Max Camezind},
bookTitle="Compact Objects in Astrophysics: White Dwarfs, Neutron Stars and Black Holes",
year="2007",
publisher="Springer Berlin Heidelberg",
address="Berlin, Heidelberg",
isbn="978-3-540-49912-1",
doi="10.1007/978-3-540-49912-1_1",
url="https://doi.org/10.1007/978-3-540-49912-1_1"
}


@book{howell_2006, 
	place={Cambridge}, 
	edition={2}, 
	series={Cambridge Observing Handbooks for Research Astronomers}, 
	title={Handbook of CCD Astronomy}, 
	DOI={10.1017/CBO9780511807909}, 
	publisher={Cambridge University Press}, 
	author={Howell, Steve B.}, 
	year={2006}, 
	collection={Cambridge Observing Handbooks for Research Astronomers}
}

@ARTICLE{bergeron2011,
	author = {{Bergeron}, P. and {Wesemael}, F. and {Dufour}, P. and {Beauchamp}, A. and 
	{Hunter}, C. and {Saffer}, R.~A. and {Gianninas}, A. and {Ruiz}, M.~T. and 
	{Limoges}, M.-M. and {Dufour}, P. and {Fontaine}, G. and {Liebert}, J.
	},
	title = "{A Comprehensive Spectroscopic Analysis of DB White Dwarfs}",
	journal = {\apj},
	archivePrefix = "arXiv",
	eprint = {1105.5433},
	primaryClass = "astro-ph.SR",
	keywords = {stars: abundances, stars: evolution, stars: fundamental parameters, stars: luminosity function, mass function, stars: oscillations, white dwarfs},
	year = 2011,
	month = aug,
	volume = 737,
	eid = {28},
	pages = {28},
	doi = {10.1088/0004-637X/737/1/28},
	adsurl = {http://adsabs.harvard.edu/abs/2011ApJ...737...28B},
	adsnote = {Provided by the SAO/NASA Astrophysics Data System}
}

@ARTICLE{tremblay2011,
	author = {{Tremblay}, P.-E. and {Bergeron}, P. and {Gianninas}, A.},
	title = "{An Improved Spectroscopic Analysis of DA White Dwarfs from the Sloan Digital Sky Survey Data Release 4}",
	journal = {\apj},
	archivePrefix = "arXiv",
	eprint = {1102.0056},
	primaryClass = "astro-ph.SR",
	keywords = {stars: atmospheres, stars: fundamental parameters, stars: luminosity function, mass function, white dwarfs},
	year = 2011,
	month = apr,
	volume = 730,
	eid = {128},
	pages = {128},
	doi = {10.1088/0004-637X/730/2/128},
	adsurl = {http://adsabs.harvard.edu/abs/2011ApJ...730..128T},
	adsnote = {Provided by the SAO/NASA Astrophysics Data System}
}

@ARTICLE{kowalski2006,
	author = {{Kowalski}, P.~M. and {Saumon}, D.},
	title = "{Found: The Missing Blue Opacity in Atmosphere Models of Cool Hydrogen White Dwarfs}",
	journal = {\apjl},
	eprint = {astro-ph/0609720},
	keywords = {Atomic Processes, Line: Profiles, Stars: Atmospheres, Stars: White Dwarfs},
	year = 2006,
	month = nov,
	volume = 651,
	pages = {L137-L140},
	doi = {10.1086/509723},
	adsurl = {http://adsabs.harvard.edu/abs/2006ApJ...651L.137K},
	adsnote = {Provided by the SAO/NASA Astrophysics Data System}
}

@ARTICLE{lim-chandrasekhar,
       author = {{Chandrasekhar}, S.},
        title = "{The Maximum Mass of Ideal White Dwarfs}",
      journal = {\apj},
         year = "1931",
        month = "Jul",
       volume = {74},
        pages = {81},
          doi = {10.1086/143324},
       adsurl = {https://ui.adsabs.harvard.edu/abs/1931ApJ....74...81C},
      adsnote = {Provided by the SAO/NASA Astrophysics Data System}
}


@misc{neutron-star-masss,
	author = {James M. Lattimer},
	title = {Introduction to neutron stars},
	year = {2015},
	howpublished = {Accedido el 22-01-2020 a \url{http://www.astro.umd.edu/~miller/nstar.html}},
}

@ARTICLE{NE2001,
       author = {{Cordes}, J.~M. and {Lazio}, T.~J.~W.},
        title = "{NE2001.I. A New Model for the Galactic Distribution of Free Electrons and its Fluctuations}",
      journal = {arXiv e-prints},
     keywords = {Astrophysics},
         year = "2002",
        month = "Jul",
          eid = {astro-ph/0207156},
        pages = {astro-ph/0207156},
archivePrefix = {arXiv},
       eprint = {astro-ph/0207156},
 primaryClass = {astro-ph},
       adsurl = {https://ui.adsabs.harvard.edu/abs/2002astro.ph..7156C},
      adsnote = {Provided by the SAO/NASA Astrophysics Data System}
}

@ARTICLE{dai2017,
       author = {{Dai}, S. and {Smith}, M.~C. and {Wang}, S. and {Okamoto}, S. and
         {Xu}, R.~X. and {Yue}, Y.~L. and {Liu}, J.~F.},
        title = "{The Identification of the White Dwarf Companion to the Millisecond Pulsar J2317+1439}",
      journal = {\apj},
     keywords = {pulsars: general, stars: individual: PSR J2317+1439, white dwarfs, Astrophysics - Solar and Stellar Astrophysics},
         year = "2017",
        month = "Jun",
       volume = {842},
       number = {2},
          eid = {105},
        pages = {105},
          doi = {10.3847/1538-4357/aa7209},
archivePrefix = {arXiv},
       eprint = {1705.02593},
 primaryClass = {astro-ph.SR},
       adsurl = {https://ui.adsabs.harvard.edu/abs/2017ApJ...842..105D},
      adsnote = {Provided by the SAO/NASA Astrophysics Data System}
}

@ARTICLE{2019-fonseca-mass214,
       author = {{Cromartie}, H.~T. and {Fonseca}, E. and {Ransom}, S.~M. and
         {Demorest}, P.~B. and {Arzoumanian}, Z. and {Blumer}, H. and
         {Brook}, P.~R. and {DeCesar}, M.~E. and {Dolch}, T. and {Ellis}, J.~A. and
         {Ferdman}, R.~D. and {Ferrara}, E.~C. and {Garver-Daniels}, N. and
         {Gentile}, P.~A. and {Jones}, M.~L. and {Lam}, M.~T. and
         {Lorimer}, D.~R. and {Lynch}, R.~S. and {McLaughlin}, M.~A. and
         {Ng}, C. and {Nice}, D.~J. and {Pennucci}, T.~T. and {Spiewak}, R. and
         {Stairs}, I.~H. and {Stovall}, K. and {Swiggum}, J.~K. and {Zhu}, W.~W.},
        title = "{Relativistic Shapiro delay measurements of an extremely massive millisecond pulsar}",
      journal = {Nature Astronomy},
         year = "2019",
        month = "Sep",
        pages = {439},
          doi = {10.1038/s41550-019-0880-2},
       adsurl = {https://ui.adsabs.harvard.edu/abs/2019NatAs.tmp..439C},
      adsnote = {Provided by the SAO/NASA Astrophysics Data System}
}


@ARTICLE{2011-rawls-mass-1Msolar,
       author = {{Rawls}, Meredith L. and {Orosz}, Jerome A. and
         {McClintock}, Jeffrey E. and {Torres}, Manuel A.~P. and
         {Bailyn}, Charles D. and {Buxton}, Michelle M.},
        title = "{Refined Neutron Star Mass Determinations for Six Eclipsing X-Ray Pulsar Binaries}",
      journal = {\apj},
     keywords = {methods: numerical, pulsars: individual: Vela X-1 4U 1538-42 SMC X-1 LMC X-4 Cen X-3 Her X-1, stars: neutron, X-rays: binaries, Astrophysics - Solar and Stellar Astrophysics},
         year = "2011",
        month = "Mar",
       volume = {730},
       number = {1},
          eid = {25},
        pages = {25},
          doi = {10.1088/0004-637X/730/1/25},
archivePrefix = {arXiv},
       eprint = {1101.2465},
 primaryClass = {astro-ph.SR},
       adsurl = {https://ui.adsabs.harvard.edu/abs/2011ApJ...730...25R},
      adsnote = {Provided by the SAO/NASA Astrophysics Data System}
}


\end{thebibliography}